<record><leader>00000cas a22000007a 4500</leader><controlfield tag="001">22167213</controlfield><controlfield tag="008">900801d18321838mduwr ne      0    0eng d</controlfield><datafield ind1=" " ind2=" " tag="010"><subfield code="a">sn 90057206 </subfield></datafield><datafield ind1=" " ind2=" " tag="040"><subfield code="a">MFN</subfield><subfield code="b">eng</subfield><subfield code="c">MFN</subfield><subfield code="d">OCLCQ</subfield></datafield><datafield ind1=" " ind2=" " tag="042"><subfield code="a">msc</subfield></datafield><datafield ind1="0" ind2=" " tag="130"><subfield code="a">Advocate (Cumberland, Md.)</subfield></datafield><datafield ind1="1" ind2="0" tag="245"><subfield code="a">Advocate.</subfield></datafield><datafield ind1="1" ind2="7" tag="246"><subfield code="a">Allegany advertiser</subfield></datafield><datafield ind1="1" ind2="7" tag="246"><subfield code="a">Maryland advocate</subfield></datafield><datafield ind1=" " ind2=" " tag="260"><subfield code="a">Cumberland, Md. :</subfield><subfield code="b">Daniel Blocher</subfield></datafield><datafield ind1=" " ind2=" " tag="300"><subfield code="a">v.</subfield></datafield><datafield ind1=" " ind2=" " tag="310"><subfield code="a">Weekly</subfield></datafield><datafield ind1="1" ind2=" " tag="362"><subfield code="a">Began in 1832; ceased in 1838?</subfield></datafield><datafield ind1=" " ind2=" " tag="515"><subfield code="a">Issues for June 5 and July 24, 1832 also called vol. 9, no. 445 and vol. 9, no. 452 respectively.</subfield></datafield><datafield ind1=" " ind2=" " tag="588"><subfield code="a">Description based on: New ser., v. 2, no. 32 (June 5, 1832).</subfield></datafield><datafield ind1=" " ind2=" " tag="752"><subfield code="a">United States</subfield><subfield code="b">Maryland</subfield><subfield code="c">Allegany</subfield><subfield code="d">Cumberland.</subfield></datafield><datafield ind1="0" ind2="0" tag="780"><subfield code="t">Advocate, and farmers' &amp; mechanics' register</subfield><subfield code="w">(DLC)sn 90057205</subfield></datafield></record>